<record><leader>00000cas a2200000 a 4500</leader><controlfield tag="001">12289049</controlfield><controlfield tag="008">850722d187518uumiucr ne      0    0eng d</controlfield><datafield ind1=" " ind2=" " tag="010"><subfield code="a">sn 85026591 </subfield></datafield><datafield ind1=" " ind2=" " tag="040"><subfield code="a">NPX</subfield><subfield code="b">eng</subfield><subfield code="c">NPX</subfield><subfield code="d">MHN</subfield><subfield code="d">OCL</subfield><subfield code="d">OCLCQ</subfield><subfield code="d">OCLCF</subfield><subfield code="d">OCLCO</subfield></datafield><datafield ind1="1" ind2=" " tag="029"><subfield code="a">AU@</subfield><subfield code="b">000020383014</subfield></datafield><datafield ind1=" " ind2=" " tag="042"><subfield code="a">msc</subfield></datafield><datafield ind1=" " ind2=" " tag="043"><subfield code="a">n-us-mi</subfield></datafield><datafield ind1="0" ind2="0" tag="245"><subfield code="a">Vicksburg semi-weekly monitor.</subfield></datafield><datafield ind1="1" ind2="3" tag="246"><subfield code="a">Semi-weekly Vicksburg monitor</subfield></datafield><datafield ind1="1" ind2="3" tag="246"><subfield code="a">Vicksburg monitor</subfield></datafield><datafield ind1=" " ind2=" " tag="260"><subfield code="a">Vicksburg [Mich.] :</subfield><subfield code="b">C.W. Bailey &amp; Bro.</subfield></datafield><datafield ind1=" " ind2=" " tag="300"><subfield code="a">v.</subfield></datafield><datafield ind1=" " ind2=" " tag="310"><subfield code="a">Semiweekly</subfield></datafield><datafield ind1="1" ind2=" " tag="362"><subfield code="a">Began in 1875; ceased in 1876?</subfield><subfield code="z">Cf. Gregory, W. Amer. newspapers.</subfield></datafield><datafield ind1=" " ind2=" " tag="500"><subfield code="a">"Semi-weekly" appears in small type above title ornament, &lt;Apr-Aug. 1876&gt;.</subfield></datafield><datafield ind1=" " ind2=" " tag="588"><subfield code="a">Description based on: Vol. 1, no. 38 (Apr. 26, 1876).</subfield></datafield><datafield ind1=" " ind2="0" tag="651"><subfield code="a">Vicksburg (Mich.)</subfield><subfield code="v">Newspapers.</subfield></datafield><datafield ind1=" " ind2="0" tag="651"><subfield code="a">Kalamazoo County (Mich.)</subfield><subfield code="v">Newspapers.</subfield></datafield><datafield ind1=" " ind2="7" tag="655"><subfield code="a">Newspapers.</subfield><subfield code="2">fast</subfield><subfield code="0">(OCoLC)fst01423814</subfield></datafield><datafield ind1=" " ind2="7" tag="651"><subfield code="a">Michigan</subfield><subfield code="z">Kalamazoo County.</subfield><subfield code="2">fast</subfield><subfield code="0">(OCoLC)fst01204722</subfield></datafield><datafield ind1=" " ind2="7" tag="651"><subfield code="a">Michigan</subfield><subfield code="z">Vicksburg.</subfield><subfield code="2">fast</subfield><subfield code="0">(OCoLC)fst01219840</subfield></datafield><datafield ind1=" " ind2=" " tag="752"><subfield code="a">United States</subfield><subfield code="b">Michigan</subfield><subfield code="c">Kalamazoo</subfield><subfield code="d">Vicksburg.</subfield></datafield><datafield ind1="0" ind2="0" tag="785"><subfield code="t">Vicksburg monitor (Vicksburg, Mich.)</subfield></datafield></record>